1680 1050
550 126 605 138 Michele
610 126 700 142 Bloolninglon

549 150 613 163 Assistant
617 150 674 163 Direcwr

550 175 626 191 orlliopedie
631 175 694 187 Resenrcli
698 175 744 188 Cznlzt

549 199 621 216 University
626 199 641 212 of
644 199 717 212 Minnesota

549 224 616 239 Fainnullt,
621 224 648 236 MN
653 224 695 237 91140

549 280 573 293 Mr.
579 280 604 293 and
608 280 639 293 Mrs.
646 280 703 293 Kennem
708 280 746 293 Clark

550 305 596 317 snnnrn
600 305 667 317 Meunlnin
671 305 715 321 Ledge

550 329 583 342 State
588 329 633 342 Health
638 329 705 342 Illsumnoe

550 354 567 366 Ft.
573 354 627 368 cellins,
632 354 695 366 cnlnrndn
700 354 742 366 04155

549 410 583 422 Dear
587 410 615 422 Ken
620 410 644 422 and
649 410 693 424 Dianne

549 466 555 478 1
560 470 580 478 am
585 466 634 482 writing
639 468 652 478 In
656 466 695 478 unsnlr
699 470 724 482 you
729 466 749 478 for
753 470 785 482 your
789 466 851 479 excellent
855 466 884 482 help
889 466 902 478 in
907 466 979 482 organizing
984 466 1100 479 accommodations
1105 466 1125 478 for
1129 466 1150 478 the

550 491 621 507 Davcllpon
626 491 707 507 Symposium
711 494 751 507 group
755 491 788 503 rrorn
793 491 848 503 ocrober
852 491 869 503 30
873 493 886 503 to
890 491 962 503 November
966 491 974 503 7
979 491 1003 503 end
1007 493 1020 503 to
1025 491 1042 503 lel.
1046 494 1071 507 you
1075 491 1112 503 klmw
1117 491 1150 503 what

550 519 557 528 a
559 515 582 531 joy
586 515 596 528 it
600 519 626 528 was
630 517 643 528 to
648 515 687 531 spend
691 515 721 528 time
726 517 738 528 at
742 519 773 531 your
777 519 839 531 gorgeous
843 515 885 531 ledge.
891 515 901 528 It
905 519 931 528 was
936 519 943 528 a
947 515 1007 531 privilege
1011 517 1024 528 to
1028 515 1064 528 work
1067 515 1097 528 with
1101 515 1132 528 both
1136 515 1151 528 of

549 543 575 556 you
580 540 604 552 and
609 540 649 556 yml'Il
654 543 692 552 never
696 540 733 552 know
738 540 767 552 how
772 540 810 552 much
814 543 834 552 we
839 540 918 556 appreciated
922 543 954 556 your
958 543 1001 554 warm,
1006 543 1067 556 genemlls
1073 540 1097 552 nnd
1102 540 1150 552 sinoere

549 564 624 580 hospitality.
631 564 658 577 You
662 564 694 577 have
698 568 714 577 an
719 564 776 580 amazing
781 568 809 580 way
813 566 826 577 to
831 564 867 577 make
872 564 930 577 uevelers
935 564 960 577 feel
965 564 990 577 like
994 564 1023 580 uiey
1028 568 1048 577 are
1053 566 1065 577 at
1069 564 1111 577 home.
1117 564 1150 577 Your

550 589 609 601 sueniinn
615 591 628 601 to
634 589 679 601 dersils
685 589 722 601 rnsde
728 593 751 601 our
757 591 793 601 evenr
799 593 834 601 rnore
840 589 887 605 special
894 589 923 601 Lhnn
929 589 934 601 I
940 593 969 601 ever
975 589 1027 605 ilrougllr
1033 589 1043 601 it
1048 589 1086 601 could
1092 589 1112 601 be.
1123 589 1150 601 You

549 613 590 626 didn't
595 613 625 626 miss
631 617 638 626 a
643 613 683 629 single
688 613 725 626 detail
730 613 755 626 and
759 613 780 626 the
784 613 833 629 pricing
838 617 864 626 was
868 613 956 629 plienornennl.

549 690 576 703 Tire
580 690 614 703 folks
619 690 632 703 in
637 694 659 706 my
664 690 741 706 department
746 694 766 703 are
771 692 793 703 nut
797 690 837 706 easily
842 690 915 706 impressed.
921 690 956 706 Tlrey
961 694 982 703 are
986 694 1016 706 very
1021 690 1083 703 seasoned
1088 690 1149 705 crevelers,

549 715 571 727 but
576 715 605 731 lhcy
610 719 643 727 were
648 715 691 731 lriglrly
696 715 766 731 irnprcsscd
771 715 801 727 wim
806 719 843 731 every
848 717 891 731 nspeer
896 715 911 727 of
915 715 935 727 the
940 715 982 731 lodge;
988 715 1009 727 are
1014 715 1092 731 cxzeptional
1098 715 1150 729 servioe.

549 739 570 752 the
577 739 647 752 wonderful
653 739 684 752 {nod
691 740 719 754 and.
727 739 742 752 of
747 743 796 754 course,
803 739 850 755 Rocky.
858 739 878 752 die
885 739 925 752 social
931 740 989 752 direcrorl
1001 739 1028 752 Tire
1034 739 1059 752 end
1065 739 1104 752 result
1110 743 1136 752 was
1143 743 1150 752 a

550 764 642 780 srnoerlrly.run
646 766 686 776 eveni.
692 764 718 776 The
722 764 802 780 psriieipsnur
807 764 838 776 lrsve
842 764 896 776 «linnlred
901 768 921 776 rne
925 764 989 776 oouniless
993 764 1030 776 u'rnes
1034 764 1079 776 rnrme
1083 764 1150 780 eﬁiciency

549 788 565 801 of
568 789 589 801 ilre
593 791 633 801 event.
639 789 645 801 1
650 789 692 801 would
697 789 722 801 like
727 791 740 801 (0
744 792 773 805 pass
778 792 795 801 on
800 789 831 801 rlreir
836 789 920 805 appreeinrion
925 792 938 801 as
944 789 972 801 wen
977 792 991 801 as
996 792 1017 805 my
1022 792 1054 801 own.

549 866 586 878 we'll
591 865 656 882 deﬁnitely
660 866 676 878 be
681 866 714 878 back
718 868 747 878 next
752 866 785 882 year!

550 925 617 941 sincerely.

549 950 605 962 Michele
610 950 699 966 Blamninglon
