1680 1050
550 126 578 138 Bob
583 126 618 138 Kane

550 151 585 163 Kane
590 150 645 166 Designs

551 175 584 188 1300
588 175 665 188 Godierrnau
670 175 710 188 Street

550 200 599 212 Kansas
603 200 635 216 ciry,
641 200 690 212 Kansas

549 256 583 268 Dear
587 256 610 268 M1.
617 256 657 270 Kalle.

549 333 579 345 This
586 333 621 345 leuer
626 333 637 345 is
643 335 656 345 so
662 333 709 345 infonn
714 336 740 349 you
746 333 782 345 that!
789 333 814 345 will
821 335 842 345 nol
848 333 864 345 be
870 333 898 345 able
904 335 917 345 to
923 335 967 349 accept
972 336 1004 349 your
1009 336 1071 349 generous
1077 333 1110 345 offer
1115 335 1128 345 so
1134 333 1150 345 be

549 357 570 370 the
575 361 602 370 new
607 357 654 370 disu-ict
659 361 718 373 manager
722 359 734 370 at
738 357 759 370 me
763 357 847 370 Jacksonville
852 357 890 370 omce
894 357 910 370 of
913 357 948 370 Kane
953 357 1008 373 Designs
1013 357 1063 373 svardng
1068 357 1092 370 this
1097 357 1150 373 January

550 382 575 394 5111.
587 382 652 398 Although
659 382 664 394 I
671 386 697 394 was
704 386 733 398 very
740 382 789 394 excited
796 384 808 394 ur
815 382 835 394 lhe
842 382 871 394 idea
877 382 892 394 of
896 382 946 398 joining
953 386 985 398 your
991 384 1024 394 iesm
1031 382 1046 394 of
1051 386 1121 398 managers,
1128 386 1150 398 my

549 406 595 419 radiers
600 409 642 419 reccnl
647 406 690 419 illness
695 406 756 419 demands
761 406 786 419 dun
791 407 796 419 I
799 406 827 422 join
832 406 853 419 the
858 406 902 422 rarnily
907 406 964 419 business
969 406 993 419 this
998 406 1069 419 December
1074 406 1098 419 and
1102 406 1150 419 remain

550 435 563 443 as
568 431 631 447 president
635 431 656 443 for
660 431 680 443 die
685 431 763 443 roreseealale
767 431 812 443 runire.
818 431 824 443 I
828 431 861 447 nope
866 435 891 447 you
896 435 919 443 can
924 431 1003 443 uudersrand.

550 508 555 520 I
561 512 591 524 very
597 508 635 520 much
642 508 695 524 enjoyed
702 508 722 520 the
729 508 822 520 oonversaiions
828 512 848 520 we
854 508 879 520 had
885 508 929 524 during
936 508 957 520 use
963 508 1003 520 initial
1009 508 1073 520 imcrvizw
1079 512 1130 524 process
1137 508 1150 520 in

550 532 607 545 October.
619 533 630 545 I!
636 536 662 545 was
669 536 676 545 a
682 532 739 548 pleasure
746 535 759 545 to
765 532 797 545 have
803 536 811 545 a
817 533 864 545 chance
871 534 884 545 la
891 534 924 545 meet
930 536 991 545 someone
998 536 1012 545 so
1019 532 1048 545 well
1054 532 1119 548 respected
1126 532 1150 545 and

550 557 644 573 accomplished
650 557 663 569 in
669 557 690 569 Lb:
696 557 727 569 ﬁeld
733 557 748 569 of
753 557 804 573 gnaphic
811 557 859 573 design.
870 557 876 569 I
882 557 907 569 had
913 557 952 573 really
958 557 1004 569 looked
1011 557 1065 569 forward
1071 559 1084 569 ID
1090 557 1136 573 having
1143 561 1150 569 a

549 582 597 594 chance
602 584 614 594 [0
619 582 654 594 work
659 581 679 594 for
683 585 712 598 you.

549 659 555 671 1
560 658 592 671 wish
597 662 623 674 you
628 659 662 675 good
667 658 697 671 luck
701 658 732 671 with
737 662 768 674 your
773 662 835 675 company
841 659 865 671 and
870 658 900 671 win.
905 662 937 674 your
942 659 977 675 plans
983 658 1003 671 for
1008 658 1077 675 expansion
1082 658 1150 674 beginning

550 683 562 695 in
567 683 598 699 May
603 683 618 695 of
621 685 651 695 nzxt
655 687 687 699 year.
693 683 712 695 As
716 683 722 695 I
726 683 753 696 told
757 687 783 699 you
787 683 835 698 before,
840 683 845 695 I
850 687 887 699 agree
891 683 917 695 mar
921 687 950 696 now
955 683 965 696 is
970 683 991 695 Lhe
995 683 1026 695 me
1030 683 1050 695 for
1055 683 1090 696 Kane
1095 683 1150 699 Designs

550 710 562 720 ro
568 710 618 724 cspmre
623 711 631 720 u
637 708 666 720 15%
672 708 712 724 larger
717 710 773 724 segmenr
778 707 793 720 of
798 708 818 720 die
823 708 874 722 market.
880 708 905 720 and
910 708 935 720 mar
940 708 964 720 dds
970 708 1008 720 cmlld
1013 708 1028 720 be
1034 708 1128 724 accomplished
1133 708 1150 724 by

549 732 602 748 January
607 734 632 745 two
636 736 672 748 years
676 732 710 745 from
714 736 745 745 now.
752 732 757 744 1
761 732 794 748 hope
798 732 824 745 mas
828 736 850 748 my
854 732 911 745 decision
915 734 928 745 to
932 732 980 745 remain
984 732 1014 745 with
1019 732 1040 745 die
1044 732 1088 748 family
1092 732 1150 745 business

549 757 580 769 does
585 759 607 769 not
612 757 677 773 adversely
682 757 720 769 affect
724 757 759 769 diese
764 757 800 773 plans
805 760 819 769 or
823 760 861 769 cause
866 757 907 769 undue
912 757 959 773 delnys.

549 834 593 846 Pleas:
598 834 623 846 feel
628 834 654 846 free
659 836 672 846 In
676 836 726 846 Contact
730 837 751 846 me
756 836 768 846 at
773 837 796 850 any
801 834 831 846 time
836 836 849 846 to
854 834 901 846 funher
905 834 954 846 discuss
959 837 980 850 my
985 834 1045 846 decision.

550 904 617 920 sincerely.

550 928 583 941 Dick
587 928 645 944 Grayson
