1680 1050
549 126 571 138 To:
577 126 647 142 workshop
652 126 732 142 Participans

550 150 590 163 From:
597 150 625 163 Dan
630 150 708 166 Barrymure,
713 150 796 163 Coordinator

550 175 604 191 Subject:
611 175 680 191 conrpurer
684 175 747 187 Resesrch
751 175 821 191 workshop

549 231 574 243 I'm
580 234 608 243 sure
613 235 639 247 you
644 231 676 243 hnve
682 231 698 243 all
704 231 761 243 received
767 235 798 247 your
803 231 875 243 invirnrions
880 231 897 247 by
903 234 934 245 now.
941 234 955 243 so
961 231 966 243 i
972 234 993 243 am
998 231 1051 247 sending
1057 234 1082 247 you
1088 234 1123 243 more
1128 231 1150 243 de-

549 255 588 268 rsilea
592 255 673 268 information
678 255 716 268 about
720 255 741 268 me
745 255 796 271 sydney
801 255 872 271 workshop.

550 325 606 338 Because
612 325 628 338 or
632 325 653 338 Lhe
659 325 757 341 overwhelming
763 329 823 341 response
830 325 854 338 and
860 325 930 341 popularity
936 325 952 338 or
956 325 977 338 the
983 325 1041 341 previous
1047 325 1115 341 workshop
1121 325 1150 338 held

550 350 573 362 lssr
579 354 612 366 year,
619 350 640 362 are
646 350 713 366 workshop
720 350 746 362 will
752 354 785 362 onoe
791 350 828 366 again
834 350 850 362 he
856 350 886 362 held
892 352 904 362 8!
911 350 931 362 Lh:
938 350 966 362 Rilz
972 350 1010 362 l-lorel
1016 354 1033 362 on
1040 350 1084 362 March
1091 350 1107 362 23
1114 352 1127 362 In
1133 350 1150 362 24

550 374 562 387 in
569 374 622 390 syaney.
629 374 695 387 Australia.
705 374 735 387 This
741 374 812 390 workshop,
819 374 888 390 sponsored
893 374 910 390 by
916 374 990 387 Microwale
997 374 1021 387 and
1027 374 1047 387 she
1053 374 1150 390 Technological

549 399 632 415 Corporation
637 399 652 411 of
655 399 722 413 Aullmzlia,
727 401 784 415 urrernprs
789 401 802 411 to
807 399 867 411 rseihrnre
871 399 982 413 communication,
987 399 1081 413 wllabmaﬂun,
1086 399 1110 411 and
1115 403 1150 411 com-

550 424 598 440 munily
604 423 660 440 building
667 424 714 436 around
720 424 740 436 rhe
747 424 795 436 rhernes
801 424 816 436 of
821 423 876 440 Gaming
888 424 953 440 Graphics.
960 424 1032 436 Innovative
1038 423 1119 440 Computing,
1126 424 1150 436 and

549 448 614 461 Windows
618 448 702 464 Teclinulogy.

549 518 576 530 The
582 518 638 534 Iwo—day
644 518 711 534 workshop
717 518 743 530 will
749 518 765 531 be
772 518 807 531 iilled
813 518 843 530 wirh
849 518 925 534 technology
931 518 983 534 updsres
989 518 1014 531 end
1020 518 1079 534 briaﬁngs
1085 518 1119 530 from
1124 518 1150 530 Mi-

549 546 604 555 cmwarc
612 543 654 555 senior
661 542 694 557 staff.
703 543 797 559 presenmions.
806 546 846 559 gmup
853 543 935 557 discussions,
944 543 998 559 exciting
1006 543 1050 555 dernos
1058 543 1083 555 and
1091 546 1105 555 so
1113 543 1149 555 fonh.

550 567 592 580 About
599 567 622 580 150
627 567 690 580 aneudees
695 567 708 579 in
712 567 759 580 related
764 567 800 580 fields
805 567 831 579 win
836 567 852 580 he
857 567 904 580 inviml
908 569 921 580 to
926 567 950 580 this
955 567 1026 583 workshop,

550 637 593 650 Please
600 637 653 650 conﬁn-n
660 641 692 653 your
699 637 772 650 snenasuoe
779 637 809 650 with
816 637 870 650 relevant
877 637 922 653 proﬁle
929 637 1009 650 infomiation
1017 637 1070 653 through
1077 641 1101 650 one
1108 637 1124 650 of
1129 637 1150 649 she

549 662 615 678 following
620 664 645 674 twa
650 665 689 678 ways:

551 732 561 744 1.
568 732 634 748 oornplere
639 732 660 744 tlic
665 732 756 744 Conﬁnmtion
761 732 797 744 Fomi
802 732 828 744 ms:
832 735 858 744 was
863 734 891 744 sent
895 732 933 748 along
938 732 968 744 with
973 732 993 744 she
998 732 1063 744 invirnrion
1068 732 1092 744 and
1097 732 1118 744 fax
1123 732 1133 744 it
1137 734 1150 744 to

550 756 600 771 (85-10)
606 756 675 771 808-9973,
680 756 739 769 attention
744 758 757 769 to
762 756 785 769 Mr.
792 756 832 769 Kevin
837 756 910 769 Chambers.

550 781 561 793 2.
570 781 636 797 coruplere
642 781 662 793 me
668 781 710 793 online
716 781 793 797 regislrnﬁnn
799 781 832 793 fnnn
837 783 849 793 ul
855 781 1007 797 hop://workshopseorn.
1016 781 1043 793 Yau
1048 781 1075 793 will
1080 781 1129 793 reoeive
1134 785 1150 793 un

549 805 593 818 ernail
598 805 631 818 from
635 805 659 818 Mr.
665 805 706 818 Kevin
711 805 780 818 Chambers
785 807 798 818 to
802 805 855 818 conﬁmi
860 809 892 821 your
896 805 966 818 successful
971 805 1048 821 regisuahon

550 875 624 888 Microwam
629 875 655 888 will
661 879 712 891 arrange
718 879 749 891 your
754 875 788 888 hotel
794 875 903 888 acoammodation
908 875 953 891 during
958 875 979 888 the
984 875 1051 891 workshop
1057 875 1081 888 and
1087 879 1124 888 cover
1129 875 1150 888 the

549 902 577 912 cast
582 900 602 912 for
607 900 647 912 mails
653 900 677 912 and
682 900 802 912 accommodations.
811 900 838 912 You
843 900 869 912 will
875 900 891 912 be
896 900 959 912 infumlzrl
964 900 1002 912 about
1007 904 1039 916 your
1044 900 1078 912 Imlzl
1083 900 1128 912 dzlails
1133 900 1150 916 by

550 928 572 937 our
577 924 625 937 service
630 926 663 937 team
667 924 680 937 in
685 928 693 937 a
697 924 742 940 couple
747 924 762 937 of
766 924 812 937 weeks.
