1680 1050
561 126 625 138 Wixreman
630 126 676 138 Ccnlu
680 126 729 142 Pmject
733 126 800 138 Overview

549 168 576 180 The
581 168 645 180 wisernan
651 168 708 180 Cenlgfs
714 168 744 184 long
749 168 797 184 hisrcry
802 168 817 180 or
822 168 894 180 zxzellencc
899 168 912 180 in
918 168 994 180 hiornedical
999 168 1056 180 research
1062 168 1088 180 will
1094 172 1131 180 rnove
1137 170 1150 180 lo

550 196 557 205 a
562 196 589 205 new
595 193 627 205 level
632 193 645 205 in
650 192 693 208 spring
698 193 735 205 when
739 192 824 205 consmlciion
829 192 873 208 hegins
878 196 895 205 on
900 196 908 205 a
912 193 982 208 lahoramry
987 192 1060 205 renuvarion
1065 192 1116 208 prujem.
1123 192 1150 205 The

549 217 597 233 projecr
602 217 629 229 win
634 217 689 233 upgrade
695 217 793 233 approxirnarely
799 217 846 231 20,000
852 221 896 233 square
901 217 927 229 feet
932 217 947 229 of
951 217 1010 229 ourdared
1016 217 1086 233 lahornlory
1091 217 1150 229 raciliries

550 241 562 254 in
567 242 588 254 the
593 242 630 254 sourn
635 244 674 254 rower
678 242 703 254 and
707 241 733 254 will
738 242 790 258 pmvide
796 241 864 254 addirional
869 241 971 254 snub-of—lhe-an
976 242 1045 258 lahorarory
1051 245 1088 258 space
1093 242 1119 254 that
1124 242 1150 254 will

550 268 601 282 suppon
605 266 684 279 world-class
688 266 764 279 biomedical
769 266 830 279 research.

549 350 576 362 The
580 350 656 363 biomedical
661 350 731 366 labomlory
736 354 774 366 space
778 354 795 363 on
800 350 820 362 rhe
825 350 847 363 6th
851 350 876 362 and
880 350 902 362 mi
907 350 939 363 hear
943 350 958 362 of
962 350 982 362 are
987 350 1051 363 wrsernan
1055 350 1112 363 cenrer-s
1117 350 1150 366 orig-

550 375 575 387 inal
580 375 637 391 huilrling
643 375 654 387 is
659 375 721 391 eurrenrly
727 375 740 387 in
745 378 775 391 very
781 378 812 391 poor
817 375 874 391 physical
880 375 944 387 eonrlirion
950 375 975 387 and
980 375 1002 387 has
1008 375 1040 387 heen
1046 375 1125 391 unoccupied
1130 375 1151 387 for

550 399 597 412 several
601 403 641 415 years.
647 399 674 412 The
678 399 750 412 renomion
755 399 781 412 will
786 399 830 412 enable
835 399 855 412 rhe
860 399 906 412 Center
910 401 923 412 to
927 399 976 415 expand
981 399 1001 412 are
1006 401 1057 412 amount
1061 399 1077 412 of
1080 399 1150 415 laboratory

550 428 587 440 space
594 424 615 436 for
621 424 678 436 research
686 424 753 440 supporred
760 424 776 440 by
784 424 831 436 federal
838 426 873 440 granr
880 424 922 438 funds,
930 424 954 436 and
962 424 1045 440 srraregicnny
1052 424 1101 440 expand
1108 424 1124 436 he
1131 428 1150 436 re.

550 448 593 461 search
597 448 657 464 porrrolio
662 448 679 464 hy
684 448 748 464 anracxing
753 452 780 461 new
785 448 832 464 faculty
837 448 894 464 walking
898 448 911 461 in
916 448 971 461 mlewnl
975 448 999 461 and
1004 448 1110 464 cornplernenrary
1115 452 1150 461 areas

550 473 565 485 nf
568 473 644 485 biomedical
649 473 709 485 rcscanzh.

566 557 633 573 lrnporranr
638 557 723 569 Information:

550 582 573 594 For
578 581 599 594 lire
604 581 660 594 dllmﬁorl
666 581 681 594 of
685 581 706 594 the
711 581 762 597 projecr,
768 581 784 594 all
790 581 826 597 noisy
832 581 916 594 olmstruclion
922 581 983 594 acsiviries
988 581 1014 594 will
1019 581 1035 594 he
1041 581 1089 594 limited
1094 583 1107 594 to
1112 581 1150 594 hours

549 606 606 618 herween
612 606 620 618 s
626 606 650 618 and
657 606 672 618 lo
678 610 706 618 a.ni.
715 606 763 618 clinics
768 606 794 618 will
800 608 822 618 nor
827 606 843 618 he
849 606 917 618 scheduled
922 606 979 618 herween
985 606 993 618 5
998 606 1023 618 and
1030 606 1045 618 lo
1050 610 1079 618 a.rn.
1087 606 1150 618 Rzscarch

550 630 611 643 alclivilies
617 630 682 647 involving
688 631 745 643 research
751 630 831 646 participants
838 630 864 643 will
871 631 887 643 he
894 630 962 643 scheduled
968 630 988 643 for
995 630 1026 643 afler
1034 631 1049 643 lo
1056 634 1084 643 a.nL
1096 630 1150 643 General

550 655 588 667 nﬂice
593 655 628 667 work
632 655 658 667 will
663 655 722 667 ennrinue
727 659 740 667 as
745 655 785 667 usual.
