1680 1050
550 126 573 138 Mr.
579 126 616 138 chris
621 126 675 142 Mackzy

550 150 585 163 sales
590 150 647 163 Direcror

549 175 586 187 MPV
591 175 616 187 Car
620 175 694 191 Dealership

550 200 574 212 558
580 200 648 216 sycamore
652 200 673 212 Dr.

549 224 590 239 1\ilsa.
596 224 667 237 Oklahoma
672 224 714 237 22534

549 284 583 296 Dear
587 284 610 296 M1.
617 284 674 300 Mackcy.

549 319 555 331 1
560 323 580 331 run
584 319 633 335 wriiing
638 319 651 331 in
655 322 715 335 response
719 321 732 331 in
737 322 768 335 your
773 319 869 331 saverrisemem
873 319 925 335 seeking
929 322 937 331 a
941 321 1004 331 customer
1008 319 1063 331 services
1067 322 1126 335 manager
1130 319 1150 331 for

549 347 581 359 your
585 343 655 356 Evetwood
660 343 718 356 location.

549 413 568 426 As
573 417 599 429 you
604 413 630 426 will
635 417 656 426 see
661 413 694 426 from
699 417 721 429 my
726 413 786 426 enclosed
791 417 844 428 resume,
849 417 871 429 my
876 413 912 426 skills
917 413 941 426 and
946 413 1026 429 experiences
1032 417 1052 426 are
1057 417 1065 426 a
1069 413 1103 429 good
1108 413 1150 426 match

549 438 594 450 fonhc
598 438 653 454 positian
657 442 682 454 you
686 442 707 450 nre
711 442 739 450 now
744 438 784 454 Irying
788 440 801 450 in
805 438 827 450 ﬁll.
834 438 921 454 orpnuioulur
925 438 990 450 relevsuoe
994 438 1004 450 is
1009 442 1030 454 my
1034 438 1059 450 five
1063 436 1106 454 years’
1112 442 1150 454 expe-

549 462 591 475 rience
596 462 653 478 working
657 462 670 475 in
675 466 683 475 a
687 462 735 475 similar
739 462 766 475 role
771 464 783 475 at
787 462 822 475 ABC
827 463 876 475 Minors
881 462 906 475 and
910 462 931 475 the
936 462 977 475 award
982 463 987 475 I
992 462 1049 475 received
1053 462 1074 475 for
1078 462 1150 475 excellence

550 487 562 499 in
567 489 630 499 cuxiomzr
635 487 686 499 service.

549 557 590 569 These
596 557 688 573 qusliiiesrious
694 557 747 569 enabled
753 561 773 569 me
779 559 792 569 to
798 557 840 569 obmin
846 561 881 569 more
887 557 980 573 rcllpnnsibility
986 557 1006 569 for
1011 557 1032 569 me
1038 561 1102 573 oompsuy.
1112 557 1150 569 since

549 582 581 594 June
585 581 601 594 of
604 581 628 594 last
632 585 665 597 year.
670 582 675 594 I
680 581 711 594 have
716 581 748 594 been
753 581 831 597 responsible
836 581 856 594 for
860 581 936 597 monitoring
941 582 961 594 are
966 581 1053 597 performance
1058 581 1073 594 of
1076 581 1097 594 the
1102 581 1150 594 service

549 608 583 618 team
589 606 604 618 of
612 606 627 619 lo
633 606 682 622 people.
695 606 700 618 I
707 606 739 618 have
746 606 773 618 also
780 606 815 618 acted
822 610 836 618 as
843 610 850 618 s
857 608 905 618 mentor
912 606 932 618 far
938 606 959 618 are
965 608 999 618 team
1005 606 1068 618 mzmbers
1075 606 1088 618 in
1094 606 1131 618 order
1137 608 1150 618 to

550 630 606 647 iniprmve
611 630 642 643 their
646 633 710 643 cllslmner
714 630 762 643 service
767 630 806 643 skills.

549 701 574 713 I'm
580 704 620 713 aware
626 700 641 713 of
646 700 667 713 the
673 700 703 717 high
709 701 745 713 value
752 704 783 717 your
789 701 859 717 dealership
865 701 908 717 places
914 704 931 713 on
937 700 985 713 service
991 701 1015 713 and
1021 700 1070 713 believe
1076 701 1081 713 1
1088 701 1123 713 share
1129 701 1150 713 the

550 729 584 738 same
590 725 666 741 philosophy
672 729 689 737 on
694 727 758 738 customer
763 729 795 738 care.
804 725 836 737 That
841 725 852 738 is
858 725 887 741 why
893 725 898 737 1
904 725 941 737 lmow
947 725 952 737 1
958 725 1001 738 would
1007 725 1021 737 ﬁt
1026 725 1059 741 right
1064 725 1077 737 in
1083 725 1113 737 with
1119 729 1150 741 your

550 750 580 762 staff
584 750 609 762 and
613 750 629 762 be
634 753 641 762 a
646 752 680 766 great
684 752 717 762 assel
722 752 735 762 ID
739 753 771 766 your
775 753 840 766 company.

550 820 555 832 I
561 820 591 832 look
596 820 650 832 lorward
656 822 669 832 to
674 820 720 836 hnviug
726 823 742 832 an
748 820 827 836 opporuuriry
833 822 846 832 to
852 822 885 832 meet
891 820 921 832 wish
926 823 952 836 you
958 822 970 832 to
976 820 1025 832 discuss
1031 820 1059 832 how
1066 820 1114 832 [could
1120 823 1150 832 con-

549 844 594 857 tribute
598 846 611 857 to
616 848 648 860 your
652 846 688 857 team.
695 844 700 856 I
705 844 738 860 hope
742 846 756 857 to
760 844 790 857 hear
794 844 827 857 from
832 848 857 860 you
862 848 898 857 soon.

550 914 589 927 Yours
594 914 658 930 siuoerely,

549 939 605 951 William
609 939 655 951 Brown
