852 896
36 15 108 29 "TOM!"

34 48 62 62 No
69 52 132 62 answer

36 80 108 94 "TOM!"

34 113 62 127 No
69 117 132 127 answer

36 145 106 161 "What's
112 150 156 165 gone
161 145 202 161 with
207 145 242 161 that
247 145 284 165 boy,
297 146 304 161 I
309 145 388 161 wonder?
394 146 431 161 You
436 146 500 161 TOM!"

34 178 62 192 No
69 182 132 192 answer

35 210 70 226 The
76 210 105 226 old
111 210 150 230 lady
156 210 213 230 pulled
218 210 248 226 her
254 210 345 230 spectacles
351 210 402 226 down
408 210 441 226 and
446 210 508 226 looked
514 215 554 226 over
560 210 605 226 them
611 210 662 226 about
667 210 695 226 the
701 215 754 229 room;
761 210 800 226 then
807 210 835 226 she

12 239 41 257 put
48 237 93 253 them
100 242 122 257 up
130 237 162 253 and
169 237 231 253 looked
238 239 266 253 out
273 237 325 253 under
331 237 381 253 them.
390 237 423 253 She
430 237 495 253 seldom
502 242 521 253 or
527 242 578 253 never
585 237 647 253 looked
654 237 724 257 through
731 237 776 253 them
783 237 809 253 for
817 242 835 253 so

13 264 61 280 small
69 269 79 280 a
86 264 133 284 thing
140 269 158 280 as
166 269 176 280 a
183 264 222 284 boy;
230 264 270 284 they
276 269 321 280 were
328 264 357 280 her
365 266 406 280 state
413 264 452 284 pair,
460 264 488 280 the
495 264 542 284 pride
550 264 571 280 of
575 264 604 280 her
611 264 662 283 heart,
670 264 703 280 and
709 269 754 280 were
761 264 803 280 built
810 264 835 280 for

14 291 78 311 "style,"
88 293 117 307 not
126 291 190 307 service
190 291 243 307 —she
252 291 303 307 could
311 291 354 307 have
363 296 403 307 seen
412 291 483 311 through
492 296 502 307 a
510 291 546 311 pair
555 291 576 307 of
583 291 670 307 stove-lids
677 291 712 311 just
721 296 739 307 as
748 291 792 307 well.
803 291 835 307 She

13 318 74 334 looked
81 318 171 338 perplexed
179 318 205 334 for
213 323 223 334 a
230 320 310 337 moment,
319 318 352 334 and
359 318 398 334 then
406 318 447 337 said,
455 320 485 334 not
492 318 565 338 ﬁercely,
573 318 602 334 but
611 318 644 334 still
652 318 693 334 loud
700 318 767 338 enough
775 318 801 334 for
808 318 835 334 the

13 345 91 360 furniture
97 348 114 360 to
120 345 163 360 hear:

36 378 91 397 "Well,
98 379 105 394 I
111 378 139 398 lay
145 378 161 394 if
164 379 171 394 I
177 380 205 398 get
210 378 251 394 hold
257 378 278 394 of
280 383 315 398 you
320 378 374 394 I‘ll—"

36 410 69 426 She
76 410 105 426 did
111 412 141 426 not
148 410 204 429 ﬁnish,
212 410 239 426 for
245 410 268 430 by
275 410 307 426 this
315 410 355 426 time
363 410 392 426 she
399 415 434 426 was
441 410 515 430 bending
522 410 572 426 down
579 410 612 426 and
619 410 703 430 punching
710 410 762 426 under
768 410 796 426 the
803 410 835 426 bed

12 437 53 453 with
59 437 87 453 the
94 437 158 456 broom,
167 437 199 453 and
207 442 226 453 so
234 437 263 453 she
270 437 335 453 needed
341 437 399 453 breath
405 439 423 453 to
430 439 518 457 punctuate
525 437 553 453 the
560 437 634 457 punches
641 437 686 453 with.
695 437 728 453 She
735 437 835 453 resurrected

12 464 82 484 nothing
87 464 116 480 but
121 464 149 480 the
156 466 182 480 cat

36 498 51 513 "I
57 502 108 513 never
114 497 143 513 did
149 502 177 513 see
182 497 210 513 the
216 497 254 513 beat
260 497 281 513 of
284 497 318 513 that
323 497 372 517 boy!"

36 530 69 546 She
76 532 120 546 went
127 532 145 546 to
152 530 180 546 the
188 535 232 550 open
239 530 280 546 door
288 530 321 546 and
328 530 377 546 stood
384 530 402 546 in
409 530 422 546 it
429 530 462 546 and
469 530 531 546 looked
538 532 567 546 out
574 535 636 550 among
643 530 671 546 the
678 532 741 546 tomato
748 530 796 546 vines
804 530 835 546 and

14 557 103 577 "jimpson"
112 557 169 573 weeds
178 557 212 573 that
221 557 321 573 constituted
329 557 357 573 the
366 557 431 577 garden.
441 558 469 573 No
479 558 524 573 Tom.
535 558 558 573 So
567 557 597 573 she
606 557 654 573 liﬂed
662 562 685 577 up
693 557 723 573 her
731 557 781 573 voice
790 559 806 573 at
815 562 835 573 an

13 584 61 604 angle
67 584 159 600 calculated
165 584 191 600 for
197 584 271 600 distance
277 584 310 600 and
316 584 389 600 shouted:

36 617 115 631 "Y-o-u-u
121 617 185 631 TOM!"

35 649 88 665 There
94 654 129 665 was
137 654 147 665 a
154 649 204 669 slight
211 649 259 665 noise
265 649 328 665 behind
334 649 363 665 her
371 649 403 665 and
410 649 440 665 she
447 649 505 665 turned
509 649 544 669 just
551 649 569 665 in
576 649 616 665 time
623 651 640 665 to
648 649 693 665 seize
700 654 710 665 a
717 649 766 665 small
772 649 807 669 boy
813 649 835 669 by

12 676 40 692 the
46 676 93 692 slack
98 676 119 692 of
122 676 148 692 his
154 676 258 692 roundabout
264 676 297 692 and
302 678 352 692 attest
357 676 384 692 his
390 676 442 696 ﬂight.

36 709 102 725 "There!
110 710 117 725 I
123 709 176 729 might
182 710 199 725 'a'
206 709 275 729 thought
281 709 302 725 of
305 709 339 725 that
345 709 402 725 closet.
409 709 458 725 What
463 714 498 729 you
503 709 547 725 been
553 709 604 729 doing
610 709 627 725 in
632 709 695 725 there?"

36 741 131 761 "Nothing."

36 774 124 794 "Nothing!
131 774 180 790 Look
186 776 202 790 at
207 779 249 794 your
254 774 311 790 hands.
318 774 358 790 And
364 774 404 790 look
410 776 426 790 at
431 779 473 794 your
478 774 541 790 mouth.
548 774 597 790 What
603 776 617 790 is
623 774 657 790 that
663 774 726 790 truck?"

36 808 51 823 "I
58 807 102 823 don't
107 807 161 825 know,
168 808 219 823 aunt."

36 839 91 858 "Well,
99 840 106 855 I
113 839 166 855 know.
175 840 201 855 It's
206 839 242 859 jam
242 839 312 855 —that's
319 839 363 855 what
370 839 383 855 it
390 839 409 855 is.
417 840 466 859 Forty
473 839 522 855 times
529 840 562 855 I‘ve
570 839 606 855 said
613 839 629 855 if
633 844 667 859 you
675 839 725 855 didn't
732 839 754 855 let
761 839 795 855 that
800 839 835 859 jam

13 866 61 882 alone
67 866 90 882 I'd
96 866 134 882 skin
138 871 177 886 you.
184 866 234 882 Hand
239 871 267 882 me
272 866 307 882 that
313 866 384 882 switch."
