736 596
313 47 424 64 BEAUTY.

134 105 141 120 I
148 109 175 120 am
181 109 199 120 as
205 104 262 124 lovely
268 109 286 120 as
292 109 302 120 a
308 104 364 120 dream
370 104 388 120 in
394 106 444 120 stone,

134 131 173 147 And
178 131 211 147 this
217 136 246 151 my
251 131 297 147 head
302 131 358 147 where
364 131 406 147 each
411 131 456 147 ﬁnds
462 131 511 147 death
517 131 535 147 in
540 133 580 150 turn,

134 158 205 178 Inspires
211 158 239 174 the
244 160 284 178 poet
289 158 330 174 with
336 163 346 174 a
351 158 390 174 love
396 163 414 174 as
421 158 458 174 lone

134 186 158 201 As
165 185 203 205 clay
209 185 270 201 eternal
276 185 309 201 and
314 190 332 201 as
338 185 408 201 taciturn

135 239 242 255 Swan-white
248 239 269 255 of
272 239 322 258 heart,
329 244 339 255 a
345 239 405 259 sphinx
410 244 433 255 no
439 239 498 255 mortal
504 239 566 255 knows,

134 267 166 286 My
171 266 229 282 throne
235 266 249 282 is
256 266 273 282 in
278 266 306 282 the
312 266 389 282 heaven's
395 271 444 282 azure
450 266 496 286 deep:

134 294 141 309 I
147 293 185 309 hate
191 293 213 309 all
218 295 323 309 movements
329 293 363 309 that
369 293 431 309 disturb
437 298 467 313 my
472 298 517 313 pose,

134 321 141 336 I
148 320 196 336 smile
201 322 231 336 not
237 325 279 339 ever,
286 320 349 336 neither
355 320 377 336 do
383 321 390 336 I
396 325 447 340 weep.

134 374 195 390 Before
201 379 230 394 my
235 374 349 390 monumental
355 374 435 393 attitudes,

134 401 176 417 That
181 401 248 417 breathe
254 406 264 417 a
270 401 307 417 soul
313 401 348 417 into
353 401 381 417 the
387 401 446 421 plastic
452 403 488 420 arts,

134 429 166 448 My
171 430 218 448 poets
224 433 265 448 pray
271 428 289 444 in
294 430 358 444 austere
364 428 439 444 studious
444 428 509 447 moods,

134 483 166 498 For
171 483 183 500 I,
190 484 207 498 to
213 482 250 498 fold
256 482 371 498 enchantment
376 482 430 498 round
435 482 477 498 their
482 482 540 498 hearts,

134 510 182 525 Have
187 509 236 529 pools
243 509 264 525 of
267 509 308 529 light
314 509 369 525 where
375 509 436 529 beauty
441 509 501 525 ﬂames
508 509 540 525 and
546 509 585 525 dies,

134 536 169 552 The
175 536 231 556 placid
235 536 302 552 mirrors
309 536 330 552 of
332 541 362 556 my
368 536 451 552 luminous
458 541 501 556 eyes.
