1555 918
640 4 676 23 All
684 5 719 23 art
726 4 744 23 is
752 4 812 28 quite
820 4 905 23 useless.

674 39 770 57 OSCAR
779 39 873 57 WILDE

696 220 830 238 CHAPTER
841 220 848 238 1

68 281 105 298 The
113 281 170 298 studio
178 287 215 298 was
223 281 273 298 ﬁlled
280 281 323 298 with
330 281 359 298 the
366 281 404 298 rich
412 281 467 298 odour
475 281 497 298 of
501 287 556 302 roses,
565 281 599 298 and
606 281 658 298 when
665 281 694 298 the
702 281 746 302 light
754 287 831 298 summer
837 281 886 298 wind
894 281 955 298 stirred
962 281 1026 298 amidst
1032 281 1062 298 the
1069 283 1114 298 trees
1122 281 1145 298 of
1149 281 1178 298 the
1186 281 1256 302 garden,
1264 281 1312 298 there
1320 287 1369 298 came
1377 281 1452 302 through
1459 281 1488 298 the
1496 287 1541 302 open

7 311 50 328 door
56 311 85 328 the
91 311 149 332 heavy
155 313 204 328 scent
211 311 233 328 of
236 311 265 328 the
272 311 318 332 lilac,
325 317 345 328 or
350 311 380 328 the
386 317 435 328 more
442 311 516 328 delicate
522 311 602 332 perfume
608 311 630 328 of
634 311 663 328 the
669 311 813 332 pink-ﬂowering
819 311 873 328 thorn.

68 366 120 382 From
127 365 157 382 the
165 371 226 382 corner
235 365 257 382 of
262 365 291 382 the
300 365 353 382 divan
361 365 383 382 of
388 365 460 382 Persian
468 365 580 386 saddle-bags
589 371 613 382 on
620 365 679 382 which
687 365 709 382 he
717 371 755 382 was
763 365 817 386 lying,
827 365 914 386 smoking,
924 371 943 382 as
951 371 988 382 was
996 365 1024 382 his
1033 367 1107 386 custom,
1116 365 1235 382 innumerable
1244 365 1340 386 cigarettes,
1349 365 1396 382 Lord
1404 366 1464 386 Henry
1472 366 1541 382 Wotton

7 395 60 412 could
64 395 101 416 just
109 395 159 412 catch
166 395 195 412 the
203 395 261 416 gleam
269 395 291 412 of
295 395 324 412 the
331 395 453 416 honey-sweet
461 395 495 412 and
502 395 653 416 honey-coloured
660 395 749 412 blossoms
757 395 779 412 of
784 401 794 412 a
801 395 898 416 laburnum,
906 395 967 412 whose
974 395 1070 412 tremulous
1078 395 1163 412 branches
1171 395 1242 412 seemed
1249 395 1311 416 hardly
1318 395 1357 412 able
1365 397 1383 412 to
1390 395 1432 412 bear
1439 395 1468 412 the
1475 395 1541 412 burden

7 425 29 442 of
34 431 45 442 a
52 425 116 446 beauty
124 431 144 442 so
152 425 242 442 ﬂamelike
251 431 270 442 as
277 425 336 446 theirs;
345 425 380 442 and
387 431 429 442 now
436 425 471 442 and
478 425 520 442 then
527 425 556 442 the
564 425 645 442 fantastic
653 425 734 442 shadows
743 425 765 442 of
770 425 817 442 birds
826 425 844 442 in
852 425 904 446 ﬂight
911 425 969 442 ﬂitted
976 431 1035 442 across
1043 425 1072 442 the
1080 425 1123 446 long
1130 425 1241 442 tussore-silk
1249 425 1324 442 curtains
1332 425 1368 442 that
1375 431 1422 442 were
1430 425 1516 442 stretched
1524 425 1541 442 in

7 455 53 472 front
59 455 82 472 of
85 455 114 472 the
120 455 167 476 huge
173 455 254 476 window,
261 455 358 476 producing
365 461 376 472 a
381 455 424 472 kind
431 455 453 472 of
456 457 566 476 momentary
572 456 657 476 Japanese
664 455 722 476 effect,
730 455 764 472 and
770 455 842 476 making
848 455 886 472 him
892 455 942 472 think
948 455 970 472 of
973 455 1024 472 those
1030 455 1090 476 pallid,
1095 455 1197 477 jade-faced
1203 455 1279 476 painters
1286 455 1308 472 of
1312 455 1372 476 Tokyo
1378 455 1425 476 who,
1432 455 1507 476 through
1513 455 1540 472 the

6 485 85 502 medium
92 485 114 502 of
118 491 141 502 an
147 487 172 502 art
178 485 215 502 that
221 485 236 502 is
243 485 350 506 necessarily
357 485 453 506 immobile,
461 485 504 502 seek
510 487 528 502 to
535 491 604 506 convey
610 485 640 502 the
647 491 698 502 sense
705 485 728 502 of
732 485 820 502 swiftness
827 485 862 502 and
868 485 940 502 motion.
949 485 985 502 The
993 485 1050 502 sullen
1056 491 1133 502 murmur
1140 485 1162 502 of
1166 485 1195 502 the
1202 485 1244 502 bees
1252 485 1364 506 shouldering
1370 485 1415 502 their
1421 491 1461 506 way
1467 485 1541 506 through

6 515 35 532 the
45 515 87 536 long
96 521 181 532 unmown
190 521 244 536 grass,
254 521 274 532 or
283 515 356 536 circling
365 515 408 532 with
416 517 535 532 monotonous
545 515 639 532 insistence
648 515 704 532 round
713 515 742 532 the
752 515 804 536 dusty
813 515 845 536 gilt
853 515 907 532 horns
917 515 939 532 of
945 515 974 532 the
984 515 1079 536 straggling
1088 515 1188 536 woodbine,
1199 515 1271 532 seemed
1279 517 1298 532 to
1307 515 1359 532 make
1368 515 1397 532 the
1407 515 1483 532 stillness
1492 521 1540 532 more

7 545 113 566 oppressive.
121 545 158 562 The
165 545 201 562 dim
207 551 246 562 roar
253 545 275 562 of
278 545 353 562 London
358 551 396 562 was
402 545 438 562 like
444 545 473 562 the
479 545 560 562 bourdon
565 547 606 562 note
613 545 635 562 of
639 551 650 562 a
656 545 719 562 distant
726 551 780 566 organ

68 600 88 616 In
94 599 124 616 the
131 601 189 616 centre
197 599 220 616 of
224 599 253 616 the
260 605 316 620 room,
324 599 406 620 clamped
412 601 431 616 to
439 605 461 616 an
467 599 537 620 upright
545 599 597 620 easel,
606 599 658 616 stood
664 599 693 616 the
701 599 802 620 full-length
809 599 880 620 portrait
887 599 910 616 of
914 605 925 616 a
931 605 991 620 young
998 605 1040 616 man
1048 599 1070 616 of
1075 599 1203 620 extraordinary
1210 599 1292 620 personal
1299 599 1366 620 beauty,
1375 599 1409 616 and
1417 599 1435 616 in
1442 599 1489 616 front
1496 599 1519 616 of
1523 599 1540 620 it,

7 635 56 646 some
68 629 111 646 little
123 629 201 646 distance
212 635 266 650 away,
277 635 315 646 was
327 629 386 650 sitting
397 629 426 646 the
438 629 485 646 artist
496 629 573 650 himself,
584 629 634 646 Basil
645 629 739 650 Hallward,
751 629 812 646 whose
824 629 892 646 sudden
903 629 1038 650 disappearance
1049 635 1099 646 some
1110 635 1160 650 years
1172 635 1206 650 ago
1218 629 1288 650 caused,
1300 631 1317 646 at
1327 629 1357 646 the
1368 629 1415 650 time,
1428 629 1472 646 such
1482 629 1540 650 public

7 659 112 676 excitement
118 659 152 676 and
158 665 203 680 gave
209 659 244 676 rise
250 661 268 676 to
275 665 296 676 so
302 665 355 680 many
362 661 430 680 strange
437 659 549 680 conjectures.

68 714 94 730 As
102 713 131 730 the
140 713 207 734 painter
215 713 280 730 looked
288 715 305 730 at
313 713 342 730 the
351 713 432 734 gracious
441 713 475 730 and
483 713 554 734 comely
562 713 608 730 form
616 713 639 730 he
647 713 682 730 had
691 719 711 730 so
720 713 799 734 skilfully
807 713 892 730 mirrored
900 713 919 730 in
926 713 954 730 his
963 715 993 734 art,
1002 719 1013 730 a
1021 713 1072 730 smile
1081 713 1104 730 of
1109 713 1189 734 pleasure
1197 713 1261 734 passed
1270 719 1329 730 across
1337 713 1365 730 his
1374 713 1418 734 face,
1428 713 1462 730 and
1471 713 1541 730 seemed

7 743 60 760 about
66 745 85 760 to
92 743 148 764 linger
155 743 207 760 there.
215 744 251 760 But
257 743 280 760 he
288 743 373 764 suddenly
381 743 445 760 started
451 749 480 764 up,
489 743 523 760 and
530 743 599 764 closing
606 743 634 760 his
641 749 689 764 eyes,
696 743 759 764 placed
766 743 794 760 his
801 743 867 764 ﬁngers
874 749 923 764 upon
929 743 958 760 the
966 743 1005 764 lids,
1014 749 1033 760 as
1040 743 1107 764 though
1113 743 1136 760 he
1144 743 1207 764 sought
1214 745 1233 760 to
1240 743 1325 764 imprison
1332 743 1394 760 within
1400 743 1428 760 his
1435 743 1485 760 brain
1492 749 1540 760 some

7 773 76 790 curious
83 773 143 790 dream
149 773 195 790 from
201 773 260 790 which
266 773 288 790 he
295 773 355 790 feared
360 773 383 790 he
389 773 445 794 might
452 773 516 790 awake.

69 828 92 844 "It
99 827 114 844 is
121 833 166 848 your
173 827 212 844 best
218 827 273 848 work,
280 827 335 848 Basil,
343 827 372 844 the
379 827 418 844 best
425 827 474 848 thing
480 833 517 848 you
524 827 569 844 have
577 833 618 844 ever
625 827 686 848 done,"
695 827 733 844 said
739 827 787 844 Lord
793 828 853 848 Henry
860 827 953 848 languidly.
963 828 1011 844 "You
1017 829 1065 844 must
1072 827 1155 848 certainly
1163 827 1207 844 send
1214 827 1227 844 it
1233 829 1275 844 next
1281 833 1323 848 year
1330 829 1348 844 to
1355 827 1385 844 the
1392 828 1496 844 Grosvenor.
1505 827 1540 844 The

6 857 98 878 Academy
106 857 121 874 is
128 859 159 874 too
167 857 214 878 large
222 857 256 874 and
263 859 293 874 too
300 857 365 878 vulgar.
374 857 473 874 Whenever
480 858 488 874 I
495 857 540 874 have
548 863 594 878 gone
601 857 655 878 there,
663 857 711 874 there
718 857 763 874 have
770 857 816 874 been
824 857 878 874 either
886 863 906 874 so
913 863 967 878 many
974 857 1038 878 people
1045 857 1081 874 that
1089 858 1096 874 I
1103 857 1149 874 have
1156 859 1187 874 not
1194 857 1240 874 been
1247 857 1286 874 able
1294 859 1312 874 to
1320 863 1350 874 see
1358 857 1387 874 the
1394 857 1475 878 pictures,
1483 857 1541 874 which

6 893 43 904 was
50 887 134 908 dreadful,
142 893 162 904 or
168 893 188 904 so
194 893 248 908 many
254 887 329 908 pictures
336 887 372 904 that
378 888 386 904 I
392 887 437 904 have
443 889 474 904 not
480 887 526 904 been
532 887 571 904 able
577 889 596 904 to
603 893 632 904 see
638 887 668 904 the
674 887 743 908 people,
749 887 809 904 which
814 893 851 904 was
857 893 919 904 worse.
927 887 964 904 The
971 888 1072 904 Grosvenor
1078 887 1093 904 is
1099 887 1154 908 really
1160 887 1189 904 the
1196 887 1238 908 only
1244 887 1308 908 place."
