906 1083
266 90 317 108 THE
326 90 400 108 LAND
409 90 442 108 OF
452 90 537 108 STORY
545 90 635 108 BOOKS

245 154 269 167 At
285 153 373 171 evening
387 153 438 167 when
452 153 488 167 the
504 153 553 171 lamp
568 153 590 167 is
607 153 651 170 lit,

252 177 329 191 Around
343 177 379 191 the
395 177 443 191 fire
458 181 483 195 my
496 178 584 195 parents
600 177 645 194 sit;

227 201 277 219 They
292 201 327 215 sit
343 202 366 215 at
381 201 430 215 home
446 201 483 215 and
497 201 547 215 talk
561 201 598 215 and
613 201 670 219 sing,

271 225 310 239 And
324 225 347 239 do
362 226 398 239 not
413 225 464 243 play
478 226 500 239 at
516 225 626 243 anything.

252 275 290 288 Now
304 274 354 288 with
368 278 393 292 my
408 274 481 288 little
496 278 534 292 gun
549 275 558 288 I
574 274 644 291 crawl,

245 298 282 312 All
299 298 322 312 in
337 298 372 312 the
388 298 445 315 dark,
465 298 527 316 along
542 298 578 312 the
592 298 651 312 wall.

239 322 277 336 And
292 322 367 336 follow
382 322 444 336 round
459 322 494 336 the
511 322 584 336 forest
600 322 662 336 track

284 347 335 364 Away
349 346 425 360 behind
439 346 475 360 the
491 346 540 360 sofa
554 346 613 360 back.

202 395 263 409 There
280 395 303 409 in
317 395 353 409 the
368 395 439 413 night,
458 395 520 409 where
535 399 584 409 none
600 399 636 409 can
652 399 696 413 spy,

258 419 295 433 All
312 419 335 433 in
349 423 374 437 my
387 419 488 433 hunter's
504 423 553 437 camp
569 420 577 433 I
594 419 638 436 lie,

226 443 265 457 And
278 443 329 461 play
343 444 366 457 at
381 443 443 457 books
459 443 507 457 that
524 444 532 457 I
548 443 597 457 have
613 443 670 460 read,

266 467 314 481 Till
331 467 353 481 it
369 467 391 481 is
407 467 456 481 time
471 468 495 481 to
509 471 533 485 go
548 468 572 481 to
586 467 632 481 bed.

234 565 266 581 So,
284 564 335 578 when
349 568 374 582 my
387 568 449 578 nurse
465 568 526 578 comes
543 564 566 578 in
581 564 617 578 for
631 568 664 581 me,

265 590 315 603 Home
331 590 340 603 I
356 590 431 603 return
446 593 520 603 across
536 589 571 603 the
588 593 631 606 sea,

239 613 277 627 And
291 617 315 631 go
330 614 354 627 to
368 613 406 627 bed
419 613 470 627 with
483 613 585 627 backward
600 613 661 627 looks

252 638 276 651 At
291 641 316 655 my
330 637 379 651 dear
394 637 444 651 Land
458 637 481 651 of
497 638 560 655 Story
573 637 645 651 Books.
