897 523
49 38 91 64 Eye
104 37 204 64 tracking
218 38 234 58 is
247 37 288 58 the
302 44 396 64 process
410 37 435 58 of
448 38 578 64 measuring
591 37 665 58 either
678 37 718 58 the
733 38 797 64 point
810 37 835 58 of

48 85 103 105 gaze
113 78 200 105 (where
210 85 256 99 one
266 79 282 99 is
292 78 390 105 looking)
400 85 426 99 or
434 78 474 99 the
485 79 572 99 motion
583 78 608 99 of
616 85 644 99 an
654 85 696 105 eye
707 78 799 99 relative
808 81 833 99 to

48 119 88 140 the
109 119 176 140 head.
196 120 227 140 An
248 126 291 146 eye
310 119 399 140 tracker
419 120 435 140 is
455 126 466 140 a
487 119 566 140 device
585 119 621 140 for
641 120 771 146 measuring
791 126 833 146 eye

49 162 161 188 positions
169 161 213 182 and
222 168 265 188 eye
274 164 416 182 movement.
426 162 467 188 Eye
475 161 575 182 trackers
584 168 622 182 are
632 161 688 182 used
697 162 717 182 in
727 161 832 182 research

48 209 78 223 on
93 202 133 223 the
148 202 217 223 visual
233 205 327 229 system,
343 203 363 223 in
379 202 524 229 psychology,
541 203 560 223 in
576 203 689 229 cognitive
704 202 832 229 linguistics,

49 243 182 270 marketing,
191 250 216 264 as
224 250 252 264 an
262 244 326 270 input
334 243 413 264 device
421 243 456 264 for
465 243 549 264 human
559 246 681 270 computer
689 244 832 269 interaction,

48 284 93 305 and
109 285 128 305 in
144 284 242 311 product
256 284 343 311 design.
357 284 429 305 There
444 291 482 305 are
497 291 508 305 a
525 284 623 305 number
637 284 662 305 of
675 284 784 305 methods
798 284 834 305 for

49 326 179 352 measuring
197 332 239 352 eye
258 328 400 346 movement.
418 325 464 346 The
482 328 544 346 most
562 325 658 352 popular
674 326 762 346 variant
780 332 833 346 uses

48 366 115 387 video
127 367 214 393 images
224 366 283 387 from
295 366 367 387 which
379 366 419 387 the
431 373 473 393 eye
485 367 584 393 position
597 367 613 387 is
624 366 750 387 extracted.
762 366 834 387 Other

49 408 158 429 methods
196 415 236 429 use
273 408 353 429 search
390 408 444 429 coils
480 415 506 429 or
542 415 580 429 are
618 408 689 429 based
727 415 756 429 on
793 408 833 429 the

48 449 277 476 electrooculogram.
