863 314
43 33 199 50 Information
217 33 242 50 is
259 39 341 55 power.
362 35 403 50 But
421 33 476 50 like
494 35 534 50 all
551 39 632 55 power,
654 35 724 50 there
742 39 782 50 are

42 63 111 78 those
128 63 170 78 who
186 63 242 78 want
260 63 286 78 to
305 63 360 83 keep
378 61 403 78 it
422 63 462 78 for
479 63 633 78 themselves.
654 63 695 78 The
711 63 811 78 world's

41 88 126 105 entire
144 88 287 105 scientific
304 90 346 105 and
363 90 475 105 cultural
493 88 617 110 heritage,
639 88 769 110 published

42 122 97 133 over
115 116 242 133 centuries
261 116 287 133 in
303 118 373 133 books
392 118 433 133 and
451 116 573 138 journals,
596 116 621 133 is
640 116 812 138 increasingly

41 143 112 165 being
129 143 258 165 digitized
275 145 316 160 and
334 145 419 160 locked
435 149 462 165 up
478 145 506 165 by
523 149 534 160 a
552 145 650 160 handful
669 145 695 160 of
712 143 811 165 private

42 171 224 193 corporations.
245 173 301 188 Want
319 173 345 188 to
363 173 419 188 read
435 173 476 188 the
493 177 577 193 papers
597 171 724 193 featuring
742 173 782 188 the

40 200 96 215 most
116 200 198 215 famous
217 200 315 215 results
333 200 359 215 of
377 200 418 215 the
436 198 563 215 sciences?
581 200 665 215 You'll
683 200 739 215 need
756 200 782 215 to

42 228 98 243 send
114 232 227 243 enormous
246 228 344 243 amounts
363 228 389 243 to
405 226 548 248 publishers
567 226 622 243 like
639 228 696 243 Reed

41 253 166 270 Elsevier.
