732 233
36 17 66 33 All
72 17 151 36 children,
158 19 217 38 except
224 22 261 36 one,
268 22 315 38 grow
320 22 347 38 up.
355 17 402 38 They
408 22 451 33 soon
456 17 507 33 know
512 17 547 33 that
552 17 592 38 they
597 17 633 33 will
639 22 686 38 grow
691 22 719 38 up,

15 44 47 60 and
53 44 81 60 the
87 49 125 65 way
131 44 195 65 Wendy
201 44 251 60 knew
256 49 292 60 was
298 44 335 60 this.
344 45 381 60 One
388 44 420 65 day
426 44 476 60 when
483 44 512 60 she
518 49 553 60 was
560 46 594 60 two
600 49 648 65 years
655 44 684 60 old
691 44 720 60 she

14 76 49 87 was
57 71 126 92 playing
134 71 152 87 in
160 76 170 87 a
178 71 244 92 garden,
253 71 286 87 and
294 71 324 87 she
332 71 404 92 plucked
413 71 480 87 another
488 71 548 87 flower
556 71 589 87 and
596 76 626 87 ran
633 71 674 87 with
682 71 695 87 it
702 73 720 87 to

14 98 43 114 her
55 98 122 114 mother.
136 99 143 114 I
156 103 229 119 suppose
242 98 271 114 she
283 100 328 114 must
339 98 382 114 have
395 98 457 114 looked
468 98 521 114 rather
534 98 626 119 de1ightful
640 98 666 114 for
678 99 719 114 Mrs.

14 125 84 146 Darling
90 127 120 146 put
127 125 156 141 her
163 125 208 141 hand
215 127 233 141 to
240 125 270 141 her
276 125 322 141 heart
330 125 363 141 and
370 125 420 144 cried,
429 125 470 144 "Oh,
478 125 518 146 why
525 126 567 141 can't
574 130 609 146 you
615 125 679 141 remain
686 125 720 141 like

14 152 46 168 this
57 152 83 168 for
94 153 148 168 ever!"
159 152 199 168 This
209 157 244 168 was
254 152 277 168 all
286 152 321 168 that
330 152 391 173 passed
401 152 477 168 between
486 152 532 168 them
542 157 564 168 on
574 152 601 168 the
612 152 680 173 subject,
691 152 720 168 but

14 179 112 195 henceforth
118 179 182 200 Wendy
189 179 239 195 knew
245 179 280 195 that
288 179 317 195 she
324 181 369 195 must
376 184 423 200 grow
429 184 457 200 up.
465 180 502 195 You
510 179 572 200 always
579 179 631 195 know
638 179 679 195 after
686 184 720 200 you

15 211 42 222 are
47 208 86 222 two.
93 207 133 222 Two
139 206 153 222 is
159 206 187 222 the
192 206 283 227 beginning
289 206 311 222 of
313 206 341 222 the
347 206 384 222 end.
